<?xml version="1.0" encoding="UTF-8"?><collection xmlns="http://www.loc.gov/MARC21/slim"><record><leader>00529nam--2200145-i-4500</leader><controlfield tag="001">000015774</controlfield><controlfield tag="002">20161230</controlfield><controlfield tag="005">20170220171506</controlfield><controlfield tag="008">060222s1000------------r-----000-0-eng-d</controlfield><datafield ind1=" " ind2=" " tag="245"><subfield code="a">Sefa-disrom sistem si metoda. II: Problematica stadiilor de fabricare, omolo gare, exploatare, depozitare, reparare, triere reconditionare si casare a dispozitivelor pent ru prelucrari pe masini-unelte</subfield></datafield><datafield ind1=" " ind2=" " tag="260"><subfield code="a">Bucuresti</subfield><subfield code="b">Editura Tehnica</subfield><subfield code="c">1987</subfield></datafield><datafield ind1=" " ind2=" " tag="300"><subfield code="a">319 p</subfield></datafield><datafield ind1=" " ind2=" " tag="700"><subfield code="a">Bragaru, Aurel</subfield></datafield><datafield ind1=" " ind2=" " tag="852"><subfield code="a">621.9</subfield></datafield><datafield ind1=" " ind2=" " tag="CAT"><subfield code="a">SYS</subfield><subfield code="c">20170220</subfield><subfield code="h">171506</subfield></datafield></record></collection>